@book{Knu86,
  author    = {Donald E. Knuth},
  title     = {The TeXbook},
  publisher = {Addison-Wesley},
  year      = {1986},
  isbn      = {0-201-13447-0},
  bibsource = {DBLP, http://dblp.uni-trier.de}
}

@book{Lam94,
  author    = {Leslie Lamport},
  title     = {LaTeX - A Document Preparation System: User's Guide and
               Reference Manual, Second Edition},
  publisher = {Pearson / Prentice Hall},
  year      = {1994},
  isbn      = {978-0-201-52983-8},
  pages     = {I-XVI, 1-272},
  bibsource = {DBLP, http://dblp.uni-trier.de}
}

@book{tanenbaum2011computer,
  author = {Andrew S. Tanenbaum and David J. Wetherall},
  title = {Computer Networks},
  publisher = {Pearson},
  year = {2011},
  edition = {5th edition},
  isbn = {978-0132126953},
}

@misc{wiki:rr,
  author = "Wikipedia contributors",
  title = "Round-robin scheduling",
  year = "2024"
  url = https://en.wikipedia.org/wiki/Round-robin_scheduling
}

@misc{rfc1157,
    series =    {Request for Comments},
    number =    1157,
    howpublished =  {RFC 1157},
    publisher = {RFC Editor},
    doi =       {10.17487/RFC1157},
    url =       {https://www.rfc-editor.org/info/rfc1157},
    author =    {Mark Fedor and Martin Lee Schoffstall and James R. Davin and Dr. Jeff D. Case},
    title =     {{Simple Network Management Protocol (SNMP)}},
    pagetotal = 36,
    year =      1990,
    month =     may,
    abstract =  {This RFC is a re-release of RFC 1098, with a changed "Status of this Memo" section plus a few minor typographical corrections. This memo defines a simple protocol by which management information for a network element may be inspected or altered by logically remote users. {[}STANDARDS-TRACK{]}},
}

@misc{rfc7011,
    series =    {Request for Comments},
    number =    7011,
    howpublished =  {RFC 7011},
    publisher = {RFC Editor},
    doi =       {10.17487/RFC7011},
    url =       {https://www.rfc-editor.org/info/rfc7011},
    author =    {Paul Aitken and Benoît Claise and Brian Trammell},
    title =     {{Specification of the IP Flow Information Export (IPFIX) Protocol for the Exchange of Flow Information}},
    pagetotal = 76,
    year =      2013,
    month =     sep,
    abstract =  {This document specifies the IP Flow Information Export (IPFIX) protocol, which serves as a means for transmitting Traffic Flow information over the network. In order to transmit Traffic Flow information from an Exporting Process to a Collecting Process, a common representation of flow data and a standard means of communicating them are required. This document describes how the IPFIX Data and Template Records are carried over a number of transport protocols from an IPFIX Exporting Process to an IPFIX Collecting Process. This document obsoletes RFC 5101.},
}

@misc{netbrain_traceroute,
  author = {Mark Harris},
  title = {Limitations of Traceroute},
  howpublished = {\url{https://www.netbraintech.com/blog/limitations-of-traceroute/}},
  year = {2020},
}

@misc{ieee_lldp,
  author = {Paul Congdon},
  title = {Link Layer Discovery Protocol (LLDP)},
  howpublished = {\url{https://www.ieee802.org/1/files/public/docs2002/lldp-protocol-00.pdf}},
  year = {2002},
}

@misc{rust2024,
  author       = {The Rust Project Developers},
  title        = {The Rust Programming Language},
  year         = {2024},
  url          = {https://www.rust-lang.org/},
}

@misc{serde2024,
  author       = {Serge Bloch and others},
  title        = {Serde: A Framework for Serializing and Deserializing Rust Data Structures Efficiently and Generically},
  year         = {2024},
  url          = {https://serde.rs/},
}

@misc{tokio2024,
  author       = {The Tokio Project},
  title        = {Tokio: An asynchronous runtime for the Rust programming language},
  year         = {2024},
  url          = {https://tokio.rs/},
}

@misc{tracing2024,
  author       = {The Tracing Project},
  title        = {Tracing: Instrumentation for Rust},
  year         = {2024},
  url          = {https://tracing.rs/},
}

@misc{react2024,
  author       = {Facebook Inc.},
  title        = {React – A JavaScript library for building user interfaces},
  year         = {2024},
  url          = {https://reactjs.org/},
}

@misc{tauri2024,
  author       = {The Tauri Contributors},
  title        = {Tauri – Build smaller, faster, and more secure desktop applications with a web frontend},
  year         = {2024},
  url          = {https://tauri.app/},
}

@misc{mosquitto2024,
  author       = {Eclipse Foundation},
  title        = {Mosquitto: An open-source MQTT broker},
  year         = {2024},
  url          = {https://mosquitto.org/},
}

@misc{mqtt2024,
  author       = {OASIS},
  title        = {MQTT: The Standard for IoT Messaging},
  year         = {2024},
  url          = {https://mqtt.org/},
}

@misc{postgresql2024,
  author       = {The PostgreSQL Global Development Group},
  title        = {PostgreSQL: The world's most advanced open source relational database},
  year         = {2024},
  url          = {https://www.postgresql.org/},
}

@misc{docker2024,
  author       = {Docker, Inc.},
  title        = {Docker: Empowering App Development for Developers and IT},
  year         = {2024},
  url          = {https://www.docker.com/},
}

@misc{nmap2024,
  author       = {Gordon Fyodor Lyon},
  title        = {Nmap: Network Mapper - Security Scanner},
  year         = {2024},
  url          = {https://nmap.org/},
}


